<record><leader>00000cas a22000007a 4500</leader><controlfield tag="001">17414695</controlfield><controlfield tag="008">880201d189u1892pauwr ne      0    0eng d</controlfield><datafield ind1=" " ind2=" " tag="010"><subfield code="a">sn 88079047 </subfield></datafield><datafield ind1=" " ind2=" " tag="040"><subfield code="a">NPH</subfield><subfield code="b">eng</subfield><subfield code="c">NPH</subfield><subfield code="d">OCLCQ</subfield></datafield><datafield ind1=" " ind2=" " tag="042"><subfield code="a">msc</subfield></datafield><datafield ind1="0" ind2="0" tag="245"><subfield code="a">Robinson Valley outlook.</subfield></datafield><datafield ind1="1" ind2="3" tag="246"><subfield code="a">Outlook</subfield></datafield><datafield ind1=" " ind2=" " tag="260"><subfield code="a">McDonald, Pa. :</subfield><subfield code="b">Delmont Phillips,</subfield><subfield code="c">-1892.</subfield></datafield><datafield ind1=" " ind2=" " tag="300"><subfield code="a">v. ;</subfield><subfield code="c">59 cm.</subfield></datafield><datafield ind1=" " ind2=" " tag="310"><subfield code="a">Weekly</subfield></datafield><datafield ind1="0" ind2=" " tag="362"><subfield code="a">-v. 5, no. 32 [i.e. 33] (Jan. 23, 1892).</subfield></datafield><datafield ind1=" " ind2=" " tag="500"><subfield code="a">"Published at McDonald and Midway, Pa."</subfield></datafield><datafield ind1=" " ind2=" " tag="588"><subfield code="a">Description based on: Vol. 5, no. 29 (Dec. 26, 1891).</subfield></datafield><datafield ind1=" " ind2=" " tag="752"><subfield code="a">United States</subfield><subfield code="b">Pennsylvania</subfield><subfield code="c">Washington</subfield><subfield code="d">McDonald.</subfield></datafield><datafield ind1=" " ind2=" " tag="752"><subfield code="a">United States</subfield><subfield code="b">Pennsylvania</subfield><subfield code="c">Washington</subfield><subfield code="d">Midway.</subfield></datafield><datafield ind1="0" ind2="0" tag="780"><subfield code="t">M'Donald outlook (McDonald, Pa. : 1889)</subfield><subfield code="w">(DLC)sn 88079048</subfield></datafield><datafield ind1="0" ind2="0" tag="785"><subfield code="t">M'Donald outlook (McDonald, Pa. : 1892)</subfield><subfield code="w">(DLC)sn 88079046</subfield></datafield></record>